<record xmlns="http://www.loc.gov/MARC21/slim" xmlns:xsi="http://www.w3.org/2001/XMLSchema-instance" xsi:schemaLocation="http://www.loc.gov/MARC21/slim http://www.loc.gov/standards/marcxml/schema/MARC21slim.xsd"><leader>02063nam a2200409   4500</leader><controlfield tag="001">3110047</controlfield><controlfield tag="003">NNC</controlfield><controlfield tag="006">m        d        </controlfield><controlfield tag="007">cr cn |||m|||a</controlfield><controlfield tag="008">150110s1882    tu      o     000 0 ara d</controlfield><datafield ind1=" " ind2=" " tag="040"><subfield code="a">NNU</subfield><subfield code="b">eng</subfield><subfield code="e">rda</subfield><subfield code="c">NNU</subfield></datafield><datafield ind1=" " ind2="4" tag="050"><subfield code="a">PN6267.A7</subfield><subfield code="b">F36 1882</subfield></datafield><datafield ind1="1" ind2=" " tag="100"><subfield code="6">880-01</subfield><subfield code="a">Shidya&#772;q, Ah&#803;mad Fa&#772;ris,</subfield><subfield code="d">1804?-1887.</subfield></datafield><datafield ind1="1" ind2="3" tag="245"><subfield code="6">880-02</subfield><subfield code="a">al-Lafi&#772;f fi&#772; kulli ma&#699;na&#769; t&#803;ari&#772;f /</subfield><subfield code="c">ta&#700;li&#772;f Ah&#803;mad Fa&#772;ris.</subfield></datafield><datafield ind1=" " ind2=" " tag="250"><subfield code="6">880-03</subfield><subfield code="a">al-T&#803;ab&#699;ah 2.</subfield></datafield><datafield ind1=" " ind2=" " tag="260"><subfield code="6">880-04</subfield><subfield code="a">Qust&#803;ant&#803;i&#772;ni&#772;yah :</subfield><subfield code="b">Mat&#803;ba&#699;at al-Jawa&#772;&#700;ib,</subfield><subfield code="c">1299 [1882]</subfield></datafield><datafield ind1=" " ind2=" " tag="300"><subfield code="a">online resource (212 pages)</subfield></datafield><datafield ind1=" " ind2=" " tag="336"><subfield code="a">text</subfield><subfield code="2">rdacontent</subfield></datafield><datafield ind1=" " ind2=" " tag="337"><subfield code="a">computer</subfield><subfield code="2">rdamedia</subfield></datafield><datafield ind1=" " ind2=" " tag="338"><subfield code="a">online resource</subfield><subfield code="2">rdacarrier</subfield></datafield><datafield ind1=" " ind2=" " tag="500"><subfield code="a">Part of the Arabic Collections Online (ACO) project, contributed by Columbia University Libraries.</subfield></datafield><datafield ind1=" " ind2=" " tag="533"><subfield code="a">Electronic reproduction.</subfield><subfield code="b">New York, N.Y. :</subfield><subfield code="c">New York University,</subfield><subfield code="d">2015.</subfield><subfield code="5">NNU</subfield></datafield><datafield ind1=" " ind2="0" tag="650"><subfield code="a">Arabic language</subfield><subfield code="x">Semantics.</subfield></datafield><datafield ind1=" " ind2="0" tag="650"><subfield code="a">Arabic language</subfield><subfield code="x">Synonyms and antonyms.</subfield></datafield><datafield ind1=" " ind2="7" tag="650"><subfield code="a">Arabic language</subfield><subfield code="x">Semantics.</subfield><subfield code="2">fast</subfield><subfield code="0">(OCoLC)fst00812421</subfield></datafield><datafield ind1=" " ind2="7" tag="650"><subfield code="a">Arabic language</subfield><subfield code="x">Synonyms and antonyms.</subfield><subfield code="2">fast</subfield><subfield code="0">(OCoLC)fst00812440</subfield></datafield><datafield ind1="2" ind2=" " tag="710"><subfield code="a">Columbia University.</subfield><subfield code="b">Libraries.</subfield></datafield><datafield ind1="0" ind2=" " tag="730"><subfield code="a">Arabic Collections Online.</subfield></datafield><datafield ind1="0" ind2="8" tag="776"><subfield code="i">Online version:</subfield><subfield code="a">Shidya&#772;q, Ah&#803;mad Fa&#772;ris, 1804?-1887.</subfield><subfield code="t">Lafi&#772;f fi&#772; kulli ma&#699;na&#769; t&#803;ari&#772;f.</subfield><subfield code="b">al-T&#803;ab&#699;ah 2.</subfield><subfield code="d">Qust&#803;ant&#803;i&#772;ni&#772;yah : Mat&#803;ba&#699;at al-Jawa&#772;&#700;ib, 1299 [1882]</subfield><subfield code="w">(OCoLC)655705054</subfield></datafield><datafield ind1="0" ind2="8" tag="776"><subfield code="i">Print version:</subfield><subfield code="a">Shidya&#772;q, Ah&#803;mad Fa&#772;ris, 1804?-1887.</subfield><subfield code="t">al-Lafi&#772;f fi&#772; kulli ma&#699;na&#769; t&#803;ari&#772;f</subfield><subfield code="w">(NNC)3110047</subfield><subfield code="w">(OCoLC)33994725</subfield></datafield><datafield ind1="4" ind2="0" tag="856"><subfield code="u">http://hdl.handle.net/2333.1/3ffbg956</subfield></datafield><datafield ind1="1" ind2=" " tag="880"><subfield code="6">100-01/r</subfield><subfield code="a">&#1588;&#1583;&#1610;&#1575;&#1602;&#1548; &#1575;&#1581;&#1605;&#1583; &#1601;&#1575;&#1585;&#1587;&#1548;,</subfield><subfield code="d">1804?-1887.</subfield></datafield><datafield ind1="1" ind2="2" tag="880"><subfield code="6">245-02/r</subfield><subfield code="a">&#1575;&#1604;&#1604;&#1601;&#1610;&#1601; &#1601;&#1609; &#1603;&#1604; &#1605;&#1593;&#1606;&#1609; &#1591;&#1585;&#1610;&#1601; /</subfield><subfield code="c">&#1578;&#1571;&#1604;&#1610;&#1601; &#1575;&#1581;&#1605;&#1583; &#1601;&#1575;&#1585;&#1587;.</subfield></datafield><datafield ind1=" " ind2=" " tag="880"><subfield code="6">250-03/r</subfield><subfield code="a">&#1575;&#1604;&#1591;&#1576;&#1593;&#1577; 2.</subfield></datafield><datafield ind1=" " ind2=" " tag="880"><subfield code="6">260-04/r</subfield><subfield code="a">&#1602;&#1587;&#1591;&#1606;&#1591;&#1610;&#1606;&#1610;&#1577; :</subfield><subfield code="b">&#1605;&#1591;&#1576;&#1593;&#1577; &#1575;&#1604;&#1580;&#1608;&#1575;&#1574;&#1576;&#1548;</subfield><subfield code="c">1299 [1882]</subfield></datafield><datafield ind1=" " ind2=" " tag="959"><subfield code="a">NNU</subfield><subfield code="b">WEB</subfield><subfield code="c">GENI</subfield><subfield code="t">0</subfield><subfield code="m">Electronic access</subfield><subfield code="s">01</subfield></datafield><datafield ind1=" " ind2=" " tag="999"><subfield code="i">NNC_3110047</subfield><subfield code="o">(OCoLC)ocm33994725 </subfield></datafield></record>